[gd_scene load_steps=14 format=2]

[ext_resource path="res://scripts/tower/camera.gd" type="Script" id=1]
[ext_resource path="res://scripts/tower/camera_hint_controller.gd" type="Script" id=2]
[ext_resource path="res://scripts/tower/camera_message_controller.gd" type="Script" id=3]
[ext_resource path="res://assets/tower/camera/hint_dynamicfont.tres" type="DynamicFont" id=4]
[ext_resource path="res://scripts/tower/camera_menu.gd" type="Script" id=6]
[ext_resource path="res://assets/tower/camera/menu_label_dynamicfont.tres" type="DynamicFont" id=7]
[ext_resource path="res://assets/main_menu_init/button.png" type="Texture" id=8]
[ext_resource path="res://assets/main_menu_init/button_pressed.png" type="Texture" id=9]
[ext_resource path="res://assets/main_menu_init/checkbox_pressed.png" type="Texture" id=10]
[ext_resource path="res://assets/main_menu_init/button_hover.png" type="Texture" id=11]
[ext_resource path="res://assets/main_menu_init/checkbox.png" type="Texture" id=12]
[ext_resource path="res://assets/main_menu_init/checkbox_label_dynamicfont.tres" type="DynamicFont" id=13]
[ext_resource path="res://assets/tower/camera/button_dynamicfont.tres" type="DynamicFont" id=14]

[node name="Camera" type="Camera2D"]
position = Vector2( 0, 1080 )
current = true
script = ExtResource( 1 )
__meta__ = {
"_edit_lock_": true
}

[node name="BlackoutFadePlane" type="ColorRect" parent="."]
light_mask = 0
margin_left = -960.0
margin_top = -550.0
margin_right = 960.0
margin_bottom = 550.0
grow_horizontal = 2
grow_vertical = 2
rect_pivot_offset = Vector2( 960, 540 )
color = Color( 0, 0, 0, 1 )
__meta__ = {
"_edit_lock_": true,
"_edit_use_anchors_": false
}

[node name="MessageController" type="Control" parent="."]
light_mask = 0
margin_right = 40.0
margin_bottom = 40.0
script = ExtResource( 3 )
__meta__ = {
"_edit_group_": true,
"_edit_lock_": true,
"_edit_use_anchors_": false
}

[node name="Texture" type="TextureRect" parent="MessageController"]
modulate = Color( 1, 1, 1, 0 )
light_mask = 0
margin_left = -960.0
margin_top = -540.0
margin_right = 960.0
margin_bottom = 540.0
expand = true
stretch_mode = 4
__meta__ = {
"_edit_use_anchors_": false
}

[node name="HintController" type="Control" parent="."]
light_mask = 0
margin_left = -960.0
margin_top = -540.0
margin_right = 960.0
margin_bottom = 540.0
script = ExtResource( 2 )
__meta__ = {
"_edit_group_": true,
"_edit_lock_": true,
"_edit_use_anchors_": false
}

[node name="LabelHint" type="Label" parent="HintController"]
modulate = Color( 1, 1, 1, 0 )
light_mask = 0
margin_left = 20.0
margin_top = 1000.0
margin_right = 1890.0
margin_bottom = 1060.0
custom_fonts/font = ExtResource( 4 )
text = "#HINT"
align = 2
__meta__ = {
"_edit_use_anchors_": false
}

[node name="Menu" type="Control" parent="."]
visible = false
light_mask = 0
margin_left = -960.0
margin_top = -540.0
margin_right = 960.0
margin_bottom = 540.0
script = ExtResource( 6 )
__meta__ = {
"_edit_group_": true,
"_edit_lock_": true,
"_edit_use_anchors_": false
}

[node name="BlackTint" type="ColorRect" parent="Menu"]
light_mask = 0
margin_right = 1920.0
margin_bottom = 1080.0
color = Color( 0, 0, 0, 0.752941 )
__meta__ = {
"_edit_lock_": true,
"_edit_use_anchors_": false
}

[node name="LabelHelp" type="Label" parent="Menu"]
margin_right = 1920.0
margin_bottom = 1080.0
custom_fonts/font = ExtResource( 7 )
text = "移动：A，D
切换路径：W，S
互动：F
旋转：Q，E
切换当前：TAB
重置：R"
align = 1
valign = 1
__meta__ = {
"_edit_use_anchors_": false
}

[node name="ButtonLanguageNormal" type="Sprite" parent="Menu"]
position = Vector2( 1740, 870 )
texture = ExtResource( 8 )
__meta__ = {
"_edit_group_": true,
"_edit_lock_": true
}

[node name="LabelButtonText" type="Label" parent="Menu/ButtonLanguageNormal"]
margin_left = -112.5
margin_top = -45.0
margin_right = 112.5
margin_bottom = 45.0
custom_fonts/font = ExtResource( 14 )
text = "#LANG"
align = 1
valign = 1
__meta__ = {
"_edit_use_anchors_": false
}

[node name="ButtonLanguage" type="TextureButton" parent="Menu/ButtonLanguageNormal"]
modulate = Color( 1, 1, 1, 0 )
margin_left = -112.5
margin_top = -45.0
margin_right = 112.5
margin_bottom = 45.0
texture_normal = ExtResource( 11 )
texture_pressed = ExtResource( 9 )
__meta__ = {
"_edit_use_anchors_": false
}

[node name="ButtonExitNormal" type="Sprite" parent="Menu"]
position = Vector2( 1740, 1000 )
texture = ExtResource( 8 )
__meta__ = {
"_edit_group_": true,
"_edit_lock_": true
}

[node name="LabelButtonText" type="Label" parent="Menu/ButtonExitNormal"]
margin_left = -112.5
margin_top = -45.0
margin_right = 112.5
margin_bottom = 45.0
custom_fonts/font = ExtResource( 14 )
text = "#EXIT"
align = 1
valign = 1
__meta__ = {
"_edit_use_anchors_": false
}

[node name="ProgressBar" type="ColorRect" parent="Menu/ButtonExitNormal"]
margin_left = -103.0
margin_top = -34.0
margin_right = -103.0
margin_bottom = 34.0
rect_scale = Vector2( 207, 1 )
color = Color( 1, 1, 1, 0.509804 )

[node name="ButtonExit" type="TextureButton" parent="Menu/ButtonExitNormal"]
modulate = Color( 1, 1, 1, 0 )
margin_left = -112.5
margin_top = -45.0
margin_right = 112.5
margin_bottom = 45.0
texture_normal = ExtResource( 11 )
texture_pressed = ExtResource( 9 )
__meta__ = {
"_edit_use_anchors_": false
}

[node name="ButtonMainMenuNormal" type="Sprite" parent="Menu"]
position = Vector2( 1740, 1000 )
texture = ExtResource( 8 )
__meta__ = {
"_edit_group_": true,
"_edit_lock_": true
}

[node name="LabelButtonText" type="Label" parent="Menu/ButtonMainMenuNormal"]
margin_left = -112.5
margin_top = -45.0
margin_right = 112.5
margin_bottom = 45.0
custom_fonts/font = ExtResource( 14 )
text = "#MAINMENU"
align = 1
valign = 1
__meta__ = {
"_edit_use_anchors_": false
}

[node name="ButtonMainMenu" type="TextureButton" parent="Menu/ButtonMainMenuNormal"]
modulate = Color( 1, 1, 1, 0 )
margin_left = -112.5
margin_top = -45.0
margin_right = 112.5
margin_bottom = 45.0
texture_normal = ExtResource( 11 )
texture_pressed = ExtResource( 9 )
__meta__ = {
"_edit_use_anchors_": false
}

[node name="CheckFullScreen" type="CheckBox" parent="Menu"]
margin_left = 1600.0
margin_top = 640.0
margin_right = 1880.0
margin_bottom = 693.0
custom_icons/checked = ExtResource( 10 )
custom_icons/unchecked = ExtResource( 12 )
custom_fonts/font = ExtResource( 13 )
text = "#FULLSCREEN"
__meta__ = {
"_edit_use_anchors_": false
}

[node name="CheckVSync" type="CheckBox" parent="Menu"]
margin_left = 1600.0
margin_top = 740.0
margin_right = 1880.0
margin_bottom = 793.0
custom_icons/checked = ExtResource( 10 )
custom_icons/unchecked = ExtResource( 12 )
custom_fonts/font = ExtResource( 13 )
text = "#VSYNC"
__meta__ = {
"_edit_use_anchors_": false
}
[connection signal="button_down" from="Menu/ButtonLanguageNormal/ButtonLanguage" to="Menu" method="_on_ButtonLanguage_button_down"]
[connection signal="button_down" from="Menu/ButtonMainMenuNormal/ButtonMainMenu" to="Menu" method="_on_ButtonMainMenu_button_down"]
[connection signal="toggled" from="Menu/CheckFullScreen" to="Menu" method="_on_CheckFullScreen_toggled"]
[connection signal="toggled" from="Menu/CheckVSync" to="Menu" method="_on_CheckVSync_toggled"]
